@article{pontillo2024,
  author    = {Pontillo, V. and Amoroso d’Aragona, D. and Pecorelli, F. and others},
  title     = {Machine learning-based test smell detection},
  journal   = {Empirical Software Engineering},
  volume    = {29},
  number    = {55},
  year      = {2024},
  doi       = {10.1007/s10664-023-10436-2},
  url       = {https://doi.org/10.1007/s10664-023-10436-2}
}


@misc{ wiki:idempotentnosc,
  author = {{Idempotentność}},
  title = "Idempotentność --- {W}ikipedia{,} Wolna encyklopedia",
  year = "2024",
  url = "https://pl.wikipedia.org/wiki/Idempotentno%C5%9B%C4%87",
  note = "[Online; dostęp 01.04.2025]"
}
